
@misc{moerkerke_what_nodate,
	title = {What {PWA} {Can} {Do} {Today}},
	url = {https://whatpwacando.today},
	abstract = {A showcase of what is possible with Progressive Web Apps today.},
	language = {en},
	urldate = {2024-05-25},
	author = {Moerkerke, Danny},
}

@misc{goto_conferences_event_2014,
	title = {Event {Sourcing} • {Greg} {Young} • {GOTO} 2014},
	url = {https://youtu.be/8JKjvY4etTY?t=1688&si=AoKqgmk_b-3B2Dsn},
	abstract = {This presentation was recorded at GOTO Aarhus 2014. \#gotocon \#gotoaar
http://gotocon.com

Greg Young - Coined the term CQRS (Command Query Responsibility Segregation)

ABSTRACT
Event Sourcing has been becoming more and more popular over the last few years. Greg has been talking, teaching, and innovating in the Event Sourcing space since 2006. This talk will look in depth at what Event Sourcing is, when it may be valuable (more importantly when its not), and how problems can change when looked at through a different lens. There are many trade offs, misconceptions, and of course FUD associated around Event Sourcing, hopefully we can sort them all out.

  / gotocon  
  / gotoconference  
http://gotocon.com
\#EventSourcing \#cqrs 

Looking for a unique learning experience?
Attend the next GOTO conference near you! Get your ticket at https://gotopia.tech
Sign up for updates and specials at https://gotopia.tech/newsletter},
	urldate = {2024-05-24},
	author = {{GOTO Conferences}},
	collaborator = {Young, Greg},
	month = nov,
	year = {2014},
}

@misc{noauthor_preparation_nodate,
	title = {Préparation à l'examen : relecture de tentative {\textbar} {Moodle} {HENALLUX}},
	url = {https://moodle.henallux.be/mod/quiz/review.php?attempt=486540&cmid=305242},
	urldate = {2024-05-24},
}

@misc{dartois_chaque_2021,
	type = {Journal},
	title = {Chaque année, les ressources de la planète sont consommées de plus en plus tôt {\textbar} {INA}},
	shorttitle = {Chaque année, les ressources de la planète sont consommées de plus en plus tôt},
	url = {https://www.ina.fr/ina-eclaire-actu/jour-du-depassement-aout-ressources-terre-surconsommation-gaspillage},
	abstract = {C’est le jour du dépassement : ce mercredi 2 août, l’humanité a déjà épuisé toutes ses ressources pour l’année 2023. En 1971, ce jour tombait le 25 décembre, en 2010, cette date tombait le 21 août.},
	language = {fr},
	urldate = {2024-05-24},
	journal = {ina.fr},
	author = {Dartois, Florence},
	month = jul,
	year = {2021},
}

@misc{refactoring_guru_command_nodate,
	title = {Command {Pattern}},
	url = {https://refactoring.guru/design-patterns/command},
	abstract = {Refactoring is a controllable process of improving code without creating new functionality. Design Patterns are typical solutions to the commonly occurring problems in software design.},
	language = {en},
	urldate = {2024-04-25},
	author = {Refactoring Guru},
}

@misc{noauthor_iso_2024,
	title = {{ISO} 3166},
	copyright = {Creative Commons Attribution-ShareAlike License},
	url = {https://en.wikipedia.org/w/index.php?title=ISO_3166&oldid=1194915301},
	abstract = {ISO 3166 is a standard published by the International Organization for Standardization (ISO) that defines codes for the names of countries, dependent territories, special areas of geographical interest, and their principal subdivisions (e.g., provinces or states). The official name of the standard is Codes for the representation of names of countries and their subdivisions.},
	language = {en},
	urldate = {2024-04-24},
	journal = {Wikipedia},
	month = jan,
	year = {2024},
	note = {Page Version ID: 1194915301},
}

@misc{noauthor_iso_2024-1,
	title = {{ISO} 639},
	copyright = {Creative Commons Attribution-ShareAlike License},
	url = {https://en.wikipedia.org/w/index.php?title=ISO_639&oldid=1217837940},
	abstract = {ISO 639 is a standard by the International Organization for Standardization (ISO) concerned with representation of languages and language groups.
It currently consists of four sets (1-3, 5) of code, named after each part which formerly described respective set (part 4 was guidelines without its own coding system); a part 6 was published but withdrawn.
It was first approved in 1967 as a single-part ISO Recommendation, ISO/R 639, superseded in 2002 by part 1 of the new series, ISO 639-1, followed by additional parts. All existing parts of the series were consolidated into a single standard in 2023, largely based on the text of ISO 639-4.},
	language = {en},
	urldate = {2024-04-24},
	journal = {Wikipedia},
	month = apr,
	year = {2024},
	note = {Page Version ID: 1217837940},
}

@article{rcd_corpus_nodate,
	title = {Corpus {Pédagogique} : le plastique},
	url = {https://file.notion.so/f/f/4b20b61f-d353-457e-ac48-00195ccc3892/32f1b7d9-c797-46bb-926b-99e0b4226117/CORPUS_PEDAGOGIQUE.pdf?id=de5ce076-d617-4e2c-97fd-90a2c2eb7f28&table=block&spaceId=4b20b61f-d353-457e-ac48-00195ccc3892&expirationTimestamp=1714082400000&signature=6vKc9zxxqkGzrLBqThI-ko-0HBbTdq9QtTHdQFM0GQ4&downloadName=CORPUS+PEDAGOGIQUE.pdf},
	language = {fr},
	urldate = {2024-04-24},
	journal = {Wing of Ocean},
	author = {Rcd, Manon},
	pages = {34},
}

@article{gao_energy_2001,
	title = {Energy impacts of recycling disassembly material in residential buildings},
	volume = {33},
	issn = {0378-7788},
	url = {https://www.sciencedirect.com/science/article/pii/S0378778800000967},
	doi = {10.1016/S0378-7788(00)00096-7},
	abstract = {In order to stop the global warmth due to the CO2 concentration, the energy use should be decreased. The investment of building construction industry in Japan is about 20\% of GDP. This fraction is much higher than in most developed countries. That results the Japanese building construction industry including residential use consumes about one third of all energy and resources of the entire industrial sectors. In order to save energy as well as resource, the recycle of the building materials should be urgent to be carried out. In this paper, we focus on the potential energy savings with a simple calculated method when the building materials or products are manufactured from recycled materials. We examined three kinds of residential buildings with different construction techniques and estimated the decreased amount of energy consumption and resources resulting from use of recycled materials. The results have shown for most building materials, the energy consumption needed to remake housing materials from recycled materials is lower than that to make new housing materials. The energy consumption of building materials in all case-study housing can be saved by at least 10\%. At the same time, the resource, measured by mass of building materials (kg) can be decreased by over 50\%.},
	number = {6},
	urldate = {2024-04-24},
	journal = {Energy and Buildings},
	author = {Gao, Weijun and Ariyama, Takahiro and Ojima, Toshio and Meier, Alan},
	month = jul,
	year = {2001},
	keywords = {Energy consumption, Japan, Material recycle, Residential building},
	pages = {553--562},
}

@misc{palermo_onion_2008,
	type = {Blog},
	title = {The {Onion} {Architecture} : part 1},
	shorttitle = {The {Onion} {Architecture}},
	url = {https://jeffreypalermo.com/2008/07/the-onion-architecture-part-1/},
	abstract = {This is part 1.  part 2. part 3. part 4.  My feed (rss). I’ve spoken several times about a specific type of architecture I call “Onion Architecture”.  I’ve found that it lea…},
	language = {en-US},
	urldate = {2024-04-24},
	journal = {Programming with Palermo},
	author = {Palermo, Jeffrey},
	month = jul,
	year = {2008},
}

@misc{cockburn_hexagonal_2005,
	type = {Blog},
	title = {Hexagonal architecture},
	url = {https://alistair.cockburn.us/hexagonal-architecture/},
	abstract = {Create your application to work without either a UI or a database so you can run automated regression-tests against the application, work when the database becomes unavailable, and link applications together without any user involvement.

Japanese translation of this article at http://blog.tai2.net/hexagonal\_architexture.html 
Spanish translation of this article at http://academyfor.us/posts/arquitectura-hexagonal courtesy of Arthur},
	language = {en-US},
	urldate = {2024-04-24},
	journal = {Alistair Cockburn},
	author = {Cockburn, Alistair},
	month = jan,
	year = {2005},
}

@misc{fowler_bliki_2003,
	type = {Blog},
	title = {bliki: {Anemic} {Domain} {Model}},
	shorttitle = {bliki},
	url = {https://martinfowler.com/bliki/AnemicDomainModel.html},
	abstract = {If you use an object-oriented domain model, and you don't put behavior in your objects, you're missing out on most of the benefits of that pattern.},
	urldate = {2024-04-24},
	journal = {martinfowler.com},
	author = {Fowler, Martin},
	month = nov,
	year = {2003},
}

@misc{fowler_bliki_2020,
	type = {Blog},
	title = {bliki: {Domain} {Driven} {Design}},
	shorttitle = {bliki},
	url = {https://martinfowler.com/bliki/DomainDrivenDesign.html},
	abstract = {a bliki entry for Domain Driven Design},
	urldate = {2024-04-24},
	journal = {martinfowler.com},
	author = {Fowler, Martin},
	month = apr,
	year = {2020},
}

@misc{martin_clean_2012,
	type = {Blog},
	title = {Clean {Coder} {Blog}},
	url = {https://blog.cleancoder.com/uncle-bob/2012/08/13/the-clean-architecture.html},
	urldate = {2024-04-24},
	author = {Martin, C., Robert},
	month = aug,
	year = {2012},
}

@article{bernard_vrac_2020,
	title = {Le vrac : mode ou nouvelle manière de consommer ? {Analyse} du comportement du consommateur liégeois.},
	shorttitle = {Le vrac},
	url = {https://matheo.uliege.be/handle/2268.2/10207},
	abstract = {Environmental issues have been increasingly addressed for several decades. In this work, we have decided to focus on packaging and its harmful effects on the environment (dumping in nature, energy cost of production and recycling...). The introduction of bulk products is one of the solutions that could significantly reduce environmental impact of packaging.  
The aim of this work is to study the behaviour of consumers in Liège with regard to the arrival of bulk products. Various topics were studied, such as consumer interest in bulk products, the link between socio-demographic factors and the purchase of bulk products, as well as the criteria influencing them positively or negatively to buy bulk products. 
In order to test our various hypotheses, two studies were carried out. A first qualitative study allowed us to identify major trends and helped us to build a comprehensive questionnaire for the second quantitative study. 
Of the 401 consumers who responded to our survey, 94 \% said they would like to buy or buy more bulk products, showing their interest in this mode of consumption. There is a clear link between the purchase of bulk products and age, geographical location, gender and household composition showing that certain types of population are currently more inclined to buy bulk products. On the other hand, no significant correlation was found with employment status or level of education. Ecological criteria are those that most influence the consumer to buy bulk products followed by service and product criteria. The criteria related to the establishment seem to negatively influence the consumer, while criteria related to products, hygiene and cleanliness and service do not seem to be decisive. 
To our knowledge, this study is the first one to analyse the behaviour of consumers in Liège with regard to bulk products and one of the first to look into this practice. It therefore makes it possible to provide initial elements that can be used to better understand and develop this new way of consuming.},
	language = {fr},
	urldate = {2024-04-22},
	author = {Bernard, Alice and Massgpfs, Université de Liège {\textgreater} GIGA-},
	month = aug,
	year = {2020},
	note = {Accepted: 2020-09-12T02:01:52Z
Publisher: Université de Liège, Liège, Belgique
Section: Université de Liège},
}

@phdthesis{carlier_barrieres_2023,
	title = {Barrières à la consommation du vrac en {Belgique} francophone : analyse des obstacles pour stimuler l’intention d’achat et la fréquentation},
	shorttitle = {Barrières à la consommation du vrac en {Belgique} francophone},
	author = {Carlier, Logan},
	year = {2023},
}

@misc{noauthor_ptits_nodate,
	title = {Les {P}’tits {Prods} – {Partenariats} {Internationaux}},
	url = {https://www.geprocor.fr/notre-offre/nos-gammes/mdd-transversales/les-ptits-prods/},
	urldate = {2024-04-21},
}

@misc{habilomedias_pubs_nodate,
	title = {Les pubs des {Spécial} {K} de {Kellogg}},
	url = {https://habilomedias.ca/sites/default/files/pdfs/lesson-plan/Lecon_Les_pubs_Special_K_Kellogg.pdf},
	abstract = {Cette activité aide les élèves à mieux comprendre comment les compagnies exploitent certains concepts dans les publicités, notamment celui de la valorisation d'une certaine image corporelle. Pour ce faire, les élèves examinent la campagne publicitaire « L'important c'est d'être bien dans sa peau » de Kellogg qui a tenté par l'humour de déjouer les stéréotypes traditionnels associés à un idéal minceur.},
	language = {fr},
	urldate = {2024-04-21},
	author = {HabiloMédias},
}

@misc{noauthor_eco-score_2023,
	title = {Eco-score},
	copyright = {Creative Commons Attribution-ShareAlike License},
	url = {https://en.wikipedia.org/w/index.php?title=Eco-score&oldid=1171628327},
	abstract = {The Eco-score, like the Nutri-Score, is a food label with five categories: from A (green, the preferred choice) to E (red, the choice to be avoided). The aim is to help consumers make more ecological choices when making their purchases.},
	language = {en},
	urldate = {2024-04-21},
	journal = {Wikipedia},
	month = aug,
	year = {2023},
	note = {Page Version ID: 1171628327},
}

@misc{noauthor_secret_2021,
	title = {Le secret du positionnement des produits dans les supermarchés},
	url = {https://fr.mobileinsight.com/the-secret-to-supermarket-product-positioning/},
	abstract = {Facebook0Tweet0LinkedIn0Pin0Email0Print0 Grand supermarché ou épicerie locale, le placement des produits est la clé des ventes et des bénéfices. Cet article porte sur le produit ...},
	language = {fr},
	urldate = {2024-04-19},
	journal = {Mobile Insight},
	month = jan,
	year = {2021},
}

@misc{thirumalazhagan_influence_2021,
	title = {The influence of store atmosphere and planogram on customer repurchase intention},
	url = {https://www.indianjournals.com/ijor.aspx?target=ijor:ijarmss&volume=9&issue=2&article=002},
	abstract = {Store atmosphere plays a significant marketing tool. Customers who positively experience a retail’s store atmosphere may feel very satisfied. Space management is the influential unit in the store atmosphere. The primary objective of this research study to investigate store atmosphere factors namely interior, exterior, layout, visual merchandising, price and promotions that influence the customers repurchase intention also analyses the store layout, what to display in shop, and where to place the products.},
	language = {en},
	urldate = {2024-04-19},
	author = {Thirumalazhagan, C and Nithya, G},
	month = jan,
	year = {2021},
}

@phdthesis{bouhali_impact_2017,
	type = {Thesis},
	title = {Impact de l’emballage sur la décision d’achat},
	url = {http://dspace.esc-alger.dz:8080/xmlui/handle/123456789/1070},
	abstract = {Le but recherché dans cette étude est d’analyser et comprendre le comportement du consommateur et évaluer l’impact d’un emballage sur sa décision d’achat , sachant que de nos jours l’emballage s’est développé d’une manière extraordinaire du point de vue des matériaux utilisés , formes ,tailles ,design et couleurs. 
 
Nos deux chapitres théoriques ont traités d’une part le comportement du consommateur et de l’autre l’emballage et son influence. 
 
Concernant la partie pratique : un questionnaire a été administré à 150 femmes pour l’évaluation de l’emballage d’une marque de produits cosmétique DIHYA.},
	language = {fr},
	urldate = {2024-04-19},
	author = {Bouhali, Manel and Abbad, Imane (encadreur)},
	month = jun,
	year = {2017},
	note = {Accepted: 2023-11-26T12:45:37Z
Journal Abbreviation: Cas : Produits dermocosmétiques Dihya},
}

@article{monnot_suremballages_2012,
	title = {Les suremballages. {Des} emballages superflus pour les consommateurs ?},
	volume = {65},
	issn = {0779-7389},
	shorttitle = {Les suremballages},
	url = {https://www.cairn.info/revue-decisions-marketing-2012-1-page-31.htm},
	doi = {10.3917/dm.065.0031},
	abstract = {Dans le cadre du Grenelle de l’Environnement, le gouvernement français prône une suppression des suremballages par les entreprises, qui s’interrogent sur son impact sur les consommateurs. A l’aide d’observations filmées et d’entretiens de consommateurs, cet article examine les pratiques d’achat, de manipulation et de destruction des suremballages ainsi que les croyances à leur égard. Ces enseignements révèlent que la présence de suremballages sur les produits, qui peut passer inaperçue, est discutée par les consommateurs. Les résultats permettent d’évaluer l’utilité perçue des suremballages en fonction de six critères pour quatre profils de consommateurs puis de fournir des recommandations aux managers envisageant leur retrait, en termes d’adaptation des produits, de la communication et des modes de distribution.},
	language = {fr},
	number = {1},
	urldate = {2024-04-19},
	journal = {Décisions Marketing},
	author = {Monnot, Élisa and Reniou, Fanny},
	year = {2012},
	note = {Place: Caen
Publisher: EMS Editions},
	keywords = {., comportements de consommation, consommateur écologiquement responsable, croyances, observation filmée, suremballage},
	pages = {31--43},
}

@misc{noauthor_marketing_2024,
	title = {Marketing},
	copyright = {Creative Commons Attribution-ShareAlike License},
	url = {https://fr.wikipedia.org/w/index.php?title=Marketing&oldid=213188103},
	abstract = {Le marketing, ou la mercatique, est le processus d'identification des clients et de « création, communication, livraison et échange » de biens et services pour la satisfaction et la fidélisation de ces clients. C'est l'un des principaux composants de business management et du commerce.
Le marketing est généralement réalisé par le vendeur, généralement un détaillant ou un fabricant. Les produits peuvent être commercialisés auprès d'autres entreprises (B2B) ou directement auprès des consommateurs (B2C). Parfois, les tâches sont confiées à des sociétés de marketing dédiées comme un média , une agence d'études de marché ou  une agence de publicité. Dans certains pays comme les États-Unis, une organisation professionnelle ou un agence gouvernementale fait parfois de la publicité au nom d'une industrie ou d'une localité entière, souvent pour un type spécifique d'aliments (exemple : Got Milk ?), des aliments provenant d'une région spécifique, ou une ville ou une région comme destination touristique.
L'orientation marché est une approche commerciale priorisant l'identification des envies et besoins des consommateurs et la création de produits et services qui les satisfont. Ces facteurs qui doivent être prises en compte dans la plan marketing. Le marketing mix, qui décrit les spécificités du produit et comment il sera vendu, y compris les canaux qui seront utilisés pour faire la publicité du produit,, est affecté par l'environnement entourant le produit, les résultats des analyses marketing, des études de marché, et les caractéristiques du marché cible du produit. Une fois ces facteurs déterminés, les spécialistes du marketing doivent alors décider des méthodes de promotion du produit, y compris l'utilisation de coupons et d'autres incitations sur les prix.
Le terme marketing, connu principalement comme le moyen d'attirer des clients, intègre les connaissances acquises en étudiant le management des échanges relationnels, et constitue le processus opérationnel d'identification, d'anticipation et de satisfaction des clients. besoins et désirs.
Le marketing peut inclure des activités diverses :

Sélection d'un public cible
Sélection de certains attributs ou thèmes à mettre en valeur dans la publicité
Exploitation de campagnes publicitaires
Participation à salons professionnels et événements publics
Design des produits et packaging pour être plus attractifs pour les acheteurs
Sélection des conditions de vente, telles que prix, rabais, garantie et politique de retour produit
Placement de produit dans les médias ou auprès de personnes susceptibles d'influencer les habitudes d'achat des autres
Contrats avec des détaillants, des grossistes ou des revendeurs
Activités de sensibilisation, fidélisation, et la construction de sentiments positifs envers une marque},
	language = {fr},
	urldate = {2024-04-19},
	journal = {Wikipédia},
	month = mar,
	year = {2024},
	note = {Page Version ID: 213188103},
}

@book{silk_what_2006,
	title = {What is {Marketing}?},
	isbn = {978-1-4221-0460-6},
	abstract = {Sometimes you need more then a one-sentence answer. While the term marketing generally refers to what a company does to create value for customers, practicing marketers know they have a major role in setting their company's strategic direction. Successful marketing requires a deep knowledge of customers, competitors, and collaborators--and great skill in serving customers profitably. The book provides the foundation for developing those skills and insights. It's organized according to the design of the first-year marketing course in Harvard Business School's MBA program. Each chapter was written by HBS faculty and used by MBA students to analyze marketing opportunities and develop and execute successful marketing strategies. Areas covered include:  Consumer behavior Business-to-business markets The four P's-product, placement, promotion and price Market segmentation, target market selection, and positioning Unique value propositions The design of new products and services Product line extensions and repositioning of exciting businesses Brand valuation and brand equity Fulfillment and after-sale service Direct, retail, and wholesale distribution channels and networks Marketing communications and promotions Advertising, public relations, and choice of media Pricing for profitability Personal selling and sales management Customer relationship management and customer privacy Customer acquisition, retention, and dismissal Basic math for making marketing decisions  Timeless yet timely, this book provides valuable background information for understanding and interpreting business and competition from a marketing point of view. That makes it useful in both formal and informal educational settings, including on-the-job training. Simply put, it's required reading for marketing students and a must-have recourse for marketing professionals.},
	language = {en},
	publisher = {Harvard Business Press},
	author = {Silk, Alvin J.},
	year = {2006},
	note = {Google-Books-ID: Dj4aBQAAQBAJ},
	keywords = {Business \& Economics / Marketing / General, Business \& Economics / Sales \& Selling / General},
}

@misc{noauthor_quest-ce_nodate,
	title = {Qu'est-ce que le marketing ?},
	url = {https://www.e-marketing.fr/Definitions-Glossaire/est-que-marketing-238286.htm#&utm_source=social_share&utm_medium=share_button&utm_campaign=share_button},
	abstract = {Le marketing peut être défini comme l'analyse des besoins des consommateurs ainsi que les moyens d'influencer leur comportement.},
	language = {fr},
	urldate = {2024-04-19},
	journal = {https://www.e-marketing.fr/},
}

@book{osterwalder_business_2010,
	address = {Hoboken, New Jersey},
	series = {Strategyzer series},
	title = {Business model generation: a handbook for visionaries, game changers, and challengers},
	isbn = {978-0-470-87641-1},
	shorttitle = {Business model generation},
	url = {http://library.ncl.ac.uk/openurl/?u.ignore_date_coverage=true&rft.mms_id=990008325420102411},
	abstract = {Offers tools and techniques to systematically understand, design, and implement new business models and renovate and rework old models},
	language = {eng},
	urldate = {2024-04-19},
	publisher = {Wiley},
	author = {Osterwalder, Alexander and Pigneur, Yves and Smith, Alan},
	editor = {Clark, Tim},
	year = {2010},
	note = {OCLC: 648031756},
	keywords = {Business and Management, Business planning, Changement organisationnel, Commerce, Ekonomisk planering, Företag, Företagsetablering, Företagsorganisation, Gestion d'entreprises, Innovations, Innovations management, Innovationsmanagement, Models, Economic, New business enterprises, Nouvelles entreprises, Organizational Innovation, Organizational change, Planification stratégique, Strategic planning, Strategisk planering},
}

@misc{noauthor_cockroachdb_2024,
	title = {{CockroachDB}},
	copyright = {Creative Commons Attribution-ShareAlike License},
	url = {https://en.wikipedia.org/w/index.php?title=CockroachDB&oldid=1214896118},
	abstract = {CockroachDB is a commercial distributed SQL database management system developed by Cockroach Labs.CockroachDB is a distributed SQL database built on top of a transactional and consistent key-value store that can withstand datacenter failures. It scales horizontally.},
	language = {en},
	urldate = {2024-04-15},
	journal = {Wikipedia},
	month = mar,
	year = {2024},
	note = {Page Version ID: 1214896118},
}

@misc{noauthor_history_nodate,
	title = {History for {README}.md - cockroachdb/cockroach},
	url = {https://github.com/cockroachdb/cockroach/commits/master/README.md?after=6d90413285663dc37554be07913098e858ce26b5+174},
	urldate = {2024-04-15},
}

@inproceedings{stonebraker_one_2005,
	title = {"{One} size fits all": an idea whose time has come and gone},
	shorttitle = {"{One} size fits all"},
	url = {https://ieeexplore.ieee.org/document/1410100},
	doi = {10.1109/ICDE.2005.1},
	abstract = {The last 25 years of commercial DBMS development can be summed up in a single phrase: "one size fits all". This phrase refers to the fact that the traditional DBMS architecture (originally designed and optimized for business data processing) has been used to support many data-centric applications with widely varying characteristics and requirements. In this paper, we argue that this concept is no longer applicable to the database market, and that the commercial world will fracture into a collection of independent database engines, some of which may be unified by a common front-end parser. We use examples from the stream-processing market and the data-warehouse market to bolster our claims. We also briefly discuss other markets for which the traditional architecture is a poor fit and argue for a critical rethinking of the current factoring of systems services into products.},
	urldate = {2024-04-15},
	booktitle = {21st {International} {Conference} on {Data} {Engineering} ({ICDE}'05)},
	author = {Stonebraker, M. and Cetintemel, U.},
	month = apr,
	year = {2005},
	note = {ISSN: 2375-026X},
	keywords = {Artificial intelligence, Computer architecture, Computer science, Costs, Data warehouses, Databases, Delay, Engines, Laboratories, Prototypes},
	pages = {2--11},
}

@book{fowler_nosql_2012,
	edition = {1},
	title = {{NoSQL} {Distilled}: {A} {Brief} {Guide} to the {Emerging} {World} of {Polyglot} {Persistence} 1st {Edition}},
	isbn = {978-0-321-82662-6},
	shorttitle = {{NoSQL} {Distilled}},
	url = {https://martinfowler.com/books/nosql.html},
	abstract = {The need to handle increasingly larger data volumes is one factor driving the adoption of a new class of nonrelational “NoSQL” databases. Advocates of NoSQL databases claim they can be used to build systems that are more performant, scale better, and are easier to program.

NoSQL Distilled is a concise but thorough introduction to this rapidly emerging technology. Pramod J. Sadalage and Martin Fowler explain how NoSQL databases work and the ways that they may be a superior alternative to a traditional RDBMS. The authors provide a fast-paced guide to the concepts you need to know in order to evaluate whether NoSQL databases are right for your needs and, if so, which technologies you should explore further.

The first part of the book concentrates on core concepts, including schemaless data models, aggregates, new distribution models, the CAP theorem, and map-reduce. In the second part, the authors explore architectural and design issues associated with implementing NoSQL. They also present realistic use cases that demonstrate NoSQL databases at work and feature representative examples using Riak, MongoDB, Cassandra, and Neo4j.

In addition, by drawing on Pramod Sadalage’s pioneering work, NoSQL Distilled shows how to implement evolutionary design with schema migration: an essential technique for applying NoSQL databases. The book concludes by describing how NoSQL is ushering in a new age of Polyglot Persistence, where multiple data-storage worlds coexist, and architects can choose the technology best optimized for each type of data access.},
	language = {en},
	publisher = {Addison Wesley},
	author = {Fowler, Martin and Sadalage, Pramod},
	month = aug,
	year = {2012},
}

@inproceedings{han_survey_2011,
	title = {Survey on {NoSQL} database},
	url = {https://ieeexplore.ieee.org/document/6106531},
	doi = {10.1109/ICPCA.2011.6106531},
	abstract = {With the development of the Internet and cloud computing, there need databases to be able to store and process big data effectively, demand for high-performance when reading and writing, so the traditional relational database is facing many new challenges. Especially in large scale and high-concurrency applications, such as search engines and SNS, using the relational database to store and query dynamic user data has appeared to be inadequate. In this case, NoSQL database created. This paper describes the background, basic characteristics, data model of NoSQL. In addition, this paper classifies NoSQL databases according to the CAP theorem. Finally, the mainstream NoSQL databases are separately described in detail, and extract some properties to help enterprises to choose NoSQL.},
	language = {en},
	urldate = {2024-04-15},
	booktitle = {2011 6th {International} {Conference} on {Pervasive} {Computing} and {Applications}},
	author = {Han, Jing and E, Haihong and Le, Guan and Du, Jian},
	month = oct,
	year = {2011},
	keywords = {Big Data, Blogs, Computational modeling, Databases, Facebook, NoSQL, Reliability, column-oriented, database, document, key-value},
	pages = {363--366},
}

@misc{noauthor_what_nodate,
	title = {What is a {NoSQL} {Graph} {Database}?},
	url = {https://www.ontotext.com/knowledgehub/fundamentals/nosql-graph-database/},
	abstract = {The NoSQL graph database is a technology for data management designed to handle very large sets of structured, semi-structured or unstructured data.},
	language = {en-US},
	urldate = {2024-04-15},
	journal = {Ontotext},
}

@book{silberschatz_database_2019,
	edition = {7},
	title = {Database {System} {Concepts}: 7th {Edition}},
	isbn = {978-1-260-08450-4},
	shorttitle = {Database {System} {Concepts}},
	language = {en},
	publisher = {McGraw-Hill Education},
	author = {Silberschatz, Abraham and Korth, Francis, Henry and Sudarshan, S},
	month = apr,
	year = {2019},
}

@article{abdullin_cqrs_nodate,
	title = {{CQRS} {Documents} by {Greg} {Young}},
	language = {en},
	author = {Abdullin, Rinat},
}

@book{date_introduction_2004,
	edition = {8},
	title = {An {Introduction} to {Database} {Systems}: 8th {Edition}},
	isbn = {978-0-321-19784-9},
	shorttitle = {An {Introduction} {To} {Database} {Systems}},
	url = {https://lc.fie.umich.mx/~rodrigo/BD/An%20Introduction%20to%20Database%20Systems%208e%20By%20C%20J%20Date.pdf},
	abstract = {An Introduction to Database Systems provides a comprehensive introduction to the now very large field of database systems by providing a solid grounding in the foundations of database technology while shedding some light on how the field is likely to develop in the future. This edition has been rewritten and expanded to stay current with database system trends.},
	language = {en},
	publisher = {Addison Wesley},
	author = {Date, John, Christopher},
	month = jan,
	year = {2004},
}

@misc{noauthor_acid_2024,
	title = {{ACID}},
	copyright = {Creative Commons Attribution-ShareAlike License},
	url = {https://en.wikipedia.org/w/index.php?title=ACID&oldid=1217080523},
	abstract = {In computer science, ACID (atomicity, consistency, isolation, durability) is a set of properties of database transactions intended to guarantee data validity despite errors, power failures, and other mishaps. In the context of databases, a sequence of database operations that satisfies the ACID properties (which can be perceived as a single logical operation on the data) is called a transaction. For example, a transfer of funds from one bank account to another, even involving multiple changes such as debiting one account and crediting another, is a single transaction.
In 1983, Andreas Reuter and Theo Härder coined the acronym ACID, building on earlier work by Jim Gray who named atomicity, consistency, and durability, but not isolation, when characterizing the transaction concept. These four properties are the major guarantees of the transaction paradigm, which has influenced many aspects of development in database systems.
According to Gray and Reuter, the IBM Information Management System supported ACID transactions as early as 1973 (although the acronym was created later).},
	language = {en},
	urldate = {2024-04-15},
	journal = {Wikipedia},
	month = apr,
	year = {2024},
	note = {Page Version ID: 1217080523},
}

@misc{noauthor_introduction_nodate,
	title = {Introduction {\textbar} {FerretDB}},
	url = {https://docs.ferretdb.io/},
	abstract = {This is the FerretDB documentation, containing all the details on FerretDB – the open-source MongoDB alternative that translates MongoDB wire protocol queries to SQL, with PostgreSQL or SQLite as the database engine.},
	language = {en},
	urldate = {2024-04-14},
}

@misc{noauthor_85_2024,
	title = {8.5. {Date}/{Time} {Types}},
	url = {https://www.postgresql.org/docs/16/datatype-datetime.html},
	abstract = {8.5.\&nbsp;Date/Time Types \# 8.5.1. Date/Time Input 8.5.2. Date/Time Output 8.5.3. Time Zones 8.5.4. Interval Input 8.5.5. Interval Output PostgreSQL supports …},
	language = {en},
	urldate = {2024-04-13},
	journal = {PostgreSQL Documentation},
	month = feb,
	year = {2024},
}

@book{liu_encyclopedia_2009,
	title = {Encyclopedia of {Database} {Systems}},
	isbn = {978-0-387-35544-3},
	abstract = {Data have become a highly valued asset for governments, industries and individuals, and the management of these data collections remains a critical technical challenge.. The challenges of managing terabytes and exabytes of data and expanding data management to include other data modalities while maintaining the fundamental tenets of database management (data independence, data integrity, data consistency, etc) are important issues for any organization today. Published as five volumes with over 4000 pages, the Encyclopedia of Database Systems provides easy access to important concepts relevant information on all aspects of very large databases, data management, and database systems, including areas of current interest and research results of historical significance.. This comprehensive reference contains 1,300 illustrated entries, organized alphabetically. Each entry presents basic terminology, concepts, methods and algorithms, key results to date, references to the literature, and cross-references to other entries. Topics for the Encyclopedia including areas of current interest as well as research results of historical significance were selected by a distinguished international advisory board and written by world class experts in the field. Encyclopedia of Database Systems is designed to meet the needs of researchers, professors, graduate and undergraduate students in computer science and engineering. Industry professionals such as database specialists and software developers will also benefit from this reference work.},
	urldate = {2024-04-13},
	author = {Liu, Ling and Özsu, M. Tamer},
	month = jan,
	year = {2009},
	doi = {10.1007/978-0-387-39940-9},
	note = {Journal Abbreviation: Encyclopedia of Database Systems: , ISBN 978-0-387-35544-3. Springer US, 2009
Publication Title: Encyclopedia of Database Systems: , ISBN 978-0-387-35544-3. Springer US, 2009},
}

@article{nelubin_nosql_2013,
	title = {{NoSQL} {Failover} {Characteristics}: {Aerospike}, {Cassandra}, {Couchbase}, {MongoDB}},
	language = {en},
	urldate = {2024-04-13},
	author = {Nelubin, Denis and Engber, Ben},
	year = {2013},
}

@article{rabl_nosql_2014,
	title = {{NoSQL} {Performance} {Test}: {In}-{Memory} {Performance} {Comparison} of {SequoiaDB}, {Cassandra}, and {MongoDB}},
	abstract = {In our experiments, three systems were compared, SequoiaDB1
, Cassandra2
, and MongoDB3
. All systems
were tested on a 10 node cluster in an in-memory (raw data size ¼ of total RAM) or mostly-in-memory (raw
data size ½ of total RAM) setup. We used the widely accepted YCSB suite as benchmarking platform. In all
experiments, all data was replicated 3 times for fault tolerance. The workloads tested were all using skewed
workloads (with Zipfian or latest distribution). The detailed configuration can be seen below and in an
extended report that is available on request.
The results do not show a clear winner across all experiments. Our tests with the mostly-in-memory setup
show that Cassandra uses most memory and thus has to perform much more disk I/O in read heavy
workloads, leading to a highly decreased performance. In this case, SequoiaDB outperforms the other
systems in most cases, except for write heavy workloads, which are dominated by Cassandra. In a pure in
memory setup (raw data size is ¼ of total RAM), the performance of Cassandra and SequoiaDB with
SequoiaDB being faster for read requests and Cassandra being faster for write request.},
	language = {en},
	urldate = {2024-04-13},
	author = {Rabl, Tilmann and Frank, Michael and Danisch, Manuel and bankmark, UG},
	year = {2014},
}

@article{kolonko_performance_2018,
	title = {Performance comparison of the most popular relational and non-relational database management systems},
	abstract = {Objectives. This thesis investigates current knowledge on database performance measurement methods, popularity of relational and non-relational database engines, defines characteristics of databases, approximates their average values and compares the performance of two selected database engines.
Methods. In this study a number of research methods are used, including literature review, a review of Internet sources, and an experiment. Literature datasets used in the research incorporate over 100 sources including IEEE Xplore and ACM Digital Library. YCSB Benchmark was used as a direct performance comparison method in an experiment to compare OracleDB’s and MongoDB’s performance.
Results. A list of database performance measurement methods has been defined as a result of the literature review. Two most popular database management engines, one relational and one nonrelational has been identified. A set of database characteristics and a database performance comparison methodology has been identified. Performance of two selected database engines has been measured and compared.
Conclusions. Performance comparison between two selected database engines indicated superior results for MongoDB under the experimental conditions. This database proved to be more efficient in terms of average operation latency and throughput for each of the measured workloads. OracleDB however, presented stable results in each of the category leaving the final choice of database to the specifics of a software engineering project. Activities required for the definition of database performance comparison methodology proved to be challenging and require study extension.},
	language = {en},
	urldate = {2024-04-13},
	author = {Kolonko, Kamil},
	month = feb,
	year = {2018},
	pages = {71},
}

@book{stokes_mysql_2020,
	edition = {2},
	title = {{MySQL} \& {JSON}: {A} {Practical} {Programming} {Guide}},
	isbn = {978-0-578-78324-6},
	url = {https://books.google.be/books?id=0kj1zQEACAAJ},
	abstract = {JSON - JavaScript Object Notation - has become the data interchange format for most developers. MySQL added a JSON data type plus NoSQL JSON Document Store so developers can work with both relational tables and schema-less JSON document collections in version 5.7. MySQL 8.0 has introduced many new JSON centric features. This book is a practical guide on how to take advantage of JSON data with a MySQL database with numerous easy-to-follow examples, clear explanations, and coding examples. This book will become your reference guide on using JSON data with a MySQL database, the numerous functions used with JSON data, the functions that can convert non-JSON relational data into JSON, the MySQL Document Store, and converting JSON data temporarily into structured (SQL) data for processing with SQL commands.},
	language = {en},
	urldate = {2024-04-13},
	publisher = {R R BOWKER LLC},
	author = {Stokes, David},
	month = oct,
	year = {2020},
}

@misc{noauthor_814_2024,
	title = {8.14. {JSON} {Types} {\textbar} {PostgreSQL}},
	url = {https://www.postgresql.org/docs/16/datatype-json.html},
	abstract = {8.14.\&nbsp;JSON Types \# 8.14.1. JSON Input and Output Syntax 8.14.2. Designing JSON Documents 8.14.3. jsonb Containment and Existence 8.14.4. jsonb …},
	language = {en},
	urldate = {2024-04-12},
	journal = {PostgreSQL Documentation},
	month = feb,
	year = {2024},
}

@misc{noauthor_databases_2023,
	title = {Databases - {The} {State} of {Developer} {Ecosystem} in 2023 {Infographic}},
	url = {https://www.jetbrains.com/lp/devecosystem-2023},
	abstract = {Keep up to date with the latest trends in database technology in JetBrains' annual report.},
	language = {en},
	urldate = {2024-04-12},
	journal = {JetBrains: Developer Tools for Professionals and Teams},
	year = {2023},
}

@article{verner-carlsson_comparative_2023,
	title = {A {Comparative} {Analysis} of {Database} {Management} {Systems} for {Time} {Series} {Data}},
	abstract = {Time series data refers to data recorded over time, often periodically, and can rapidly accumulate into vast quantities. To effectively present, analyse, or conduct research on such data it must be stored in an accessible manner. For convenient storage, database management systems (DBMSs) are employed. There are numerous types of such systems, each with their own advantages and disadvantages, making different trade-offs between desired qualities.},
	language = {en},
	author = {Verner-Carlsson, Tove and Lomanto, Valerio},
	month = jun,
	year = {2023},
}

@misc{noauthor_languages_2023,
	title = {Languages - {The} {State} of {Developer} {Ecosystem} in 2023 {Infographic}},
	url = {https://www.jetbrains.com/lp/devecosystem-2023},
	abstract = {Stay up to date on the top programming languages and discover the best technologies to learn in 2023.},
	language = {en},
	urldate = {2024-03-29},
	journal = {JetBrains: Developer Tools for Professionals and Teams},
	year = {2023},
}

@misc{noauthor_state_2022,
	title = {State of {JavaScript} 2022},
	url = {https://2022.stateofjs.com/en-US/},
	abstract = {The 2022 edition of the annual survey about the latest trends in the JavaScript ecosystem.},
	language = {en},
	urldate = {2024-03-28},
	year = {2022},
}

@misc{noauthor_stack_2023,
	title = {Stack {Overflow} {Developer} {Survey} 2023},
	url = {https://survey.stackoverflow.co/2023/?utm_source=social-share&utm_medium=social&utm_campaign=dev-survey-2023},
	abstract = {In May 2023 over 90,000 developers responded to our annual survey about how they learn and level up, which tools they're using, and which ones they want.},
	language = {en},
	urldate = {2024-03-28},
	journal = {Stack Overflow},
	year = {2023},
}

@article{malik_comparative_2020,
	title = {A {Comparative} {Study} of {Unstructured} {Data} with {SQL} and {NO}-{SQL} {Database} {Management} {Systems}},
	volume = {08},
	doi = {10.4236/jcc.2020.84005},
	abstract = {This paper aims to establish a relative study between a relational Microsoft SQL Server database and a non-relational MongoDB database within the unstructured representation of data in JSON format. There is a great amount of work done regarding comparison of multiple database management applications on the basis of their performances, security etc., but we have limited information available where these databases are assessed on the basis of provided data. This study will mainly focus on looking at all the possibilities that both these database types offer us when handling data in JSON. We will accomplish this by implementing a series of experiments while taking into consideration that the subjected data does not require to be normalized; and
therefore, evaluate the outcome to conclude the result.
Keywords
SQL, NoSql,},
	journal = {Journal of Computer and Communications},
	author = {Malik, Ahsan and Burney, s.M.Aqil and Ahmed, Fawwad},
	month = jan,
	year = {2020},
	pages = {59--71},
}

@article{dose_schematic_2015,
	title = {A schematic for comparing web backend application frameworks},
	abstract = {This thesis aim to engineer a schematic that is to be used for evaluating and comparing web backend application frameworks with regard to responsiveness and load
scalability. A partial study was conducted in order to determine what affects these
characteristics of performance in a web backend application framework. These findings were named and defined as influences, which where mapped to microbenchmarks
called test types. These test types in combination with methods to visualize the results constitute the schematic. The schematic was evaluated through a running
example where Express.js and .NET MVC was compared. The schematic proved
successful as it was possible to draw a conclusion about these frameworks from the
results in the context of use.},
	author = {Dosé, Mathias and Hampus, Lilja},
	year = {2015},
	pages = {88},
}

@article{taipalus_database_2024,
	title = {Database management system performance comparisons: {A} systematic literature review},
	volume = {208},
	issn = {0164-1212},
	shorttitle = {Database management system performance comparisons},
	url = {https://www.sciencedirect.com/science/article/pii/S0164121223002674},
	doi = {10.1016/j.jss.2023.111872},
	abstract = {Efficiency has been a pivotal aspect of the software industry since its inception, as a system that serves the end-user fast, and the service provider cost-efficiently benefits all parties. A database management system (DBMS) is an integral part of effectively all software systems, and therefore it is logical that different studies have compared the performance of different DBMSs in hopes of finding the most efficient one. This study systematically synthesizes the results and approaches of studies that compare DBMS performance and provides recommendations for industry and research. The results show that performance is usually tested in a way that does not reflect real-world use cases, and that tests are typically reported in insufficient detail for replication or for drawing conclusions from the stated results.},
	urldate = {2024-04-12},
	journal = {Journal of Systems and Software},
	author = {Taipalus, Toni},
	month = feb,
	year = {2024},
	keywords = {Comparison, Database, Database management system, NewSQL, NoSQL, Performance, Relational database},
	pages = {111872},
}

@misc{noauthor_issues_nodate,
	title = {Issues · {YuriyIvon}/{DatabaseBenchmark}},
	url = {https://github.com/YuriyIvon/DatabaseBenchmark},
	abstract = {A universal database query benchmark tool. Contribute to YuriyIvon/DatabaseBenchmark development by creating an account on GitHub.},
	language = {en},
	urldate = {2024-04-12},
	journal = {GitHub},
}

@misc{ivon_universal_2022,
	title = {Universal {Database} {Query} {Benchmark} {Tool}},
	url = {https://medium.com/@yurexus/universal-database-query-benchmark-tool-4d8ce6446174},
	abstract = {When deciding what database engine to choose for your project, you need to compare how quickly different engines can handle typical queries…},
	language = {en},
	urldate = {2024-04-12},
	journal = {Medium},
	author = {Ivon, Yuriy},
	month = jun,
	year = {2022},
}

@misc{stopford_benstopfordawesome-db-benchmarks_2024,
	title = {benstopford/awesome-db-benchmarks},
	url = {https://github.com/benstopford/awesome-db-benchmarks},
	abstract = {Community driven list of database benchmarks},
	urldate = {2024-04-12},
	author = {Stopford, Ben},
	month = apr,
	year = {2024},
	note = {original-date: 2015-02-12T16:07:56Z},
}

@article{rabl_solving_2012,
	title = {Solving big data challenges for enterprise application performance management},
	volume = {5},
	issn = {2150-8097},
	url = {https://dl.acm.org/doi/10.14778/2367502.2367512},
	doi = {10.14778/2367502.2367512},
	abstract = {As the complexity of enterprise systems increases, the need for monitoring and analyzing such systems also grows. A number of companies have built sophisticated monitoring tools that go far beyond simple resource utilization reports. For example, based on instrumentation and specialized APIs, it is now possible to monitor single method invocations and trace individual transactions across geographically distributed systems. This high-level of detail enables more precise forms of analysis and prediction but comes at the price of high data rates (i.e., big data). To maximize the beneﬁt of data monitoring, the data has to be stored for an extended period of time for ulterior analysis. This new wave of big data analytics imposes new challenges especially for the application performance monitoring systems. The monitoring data has to be stored in a system that can sustain the high data rates and at the same time enable an up-to-date view of the underlying infrastructure. With the advent of modern key-value stores, a variety of data storage systems have emerged that are built with a focus on scalability and high data rates as predominant in this monitoring use case.},
	language = {en},
	number = {12},
	urldate = {2024-04-12},
	journal = {Proceedings of the VLDB Endowment},
	author = {Rabl, Tilmann and Gómez-Villamor, Sergio and Sadoghi, Mohammad and Muntés-Mulero, Victor and Jacobsen, Hans-Arno and Mankovskii, Serge},
	month = aug,
	year = {2012},
	pages = {1724--1735},
}

@article{kuhlenkamp_benchmarking_2014,
	title = {Benchmarking scalability and elasticity of distributed database systems},
	volume = {7},
	issn = {2150-8097},
	url = {https://dl.acm.org/doi/10.14778/2732977.2732995},
	doi = {10.14778/2732977.2732995},
	abstract = {Distributed database system performance benchmarks are an important source of information for decision makers who must select the right technology for their data management problems. Since important decisions rely on trustworthy experimental data, it is necessary to reproduce experiments and verify the results. We reproduce performance and scalability benchmarking experiments of HBase and Cassandra that have been conducted by previous research and compare the results. The scope of our reproduced experiments is extended with a performance evaluation of Cassandra on diﬀerent Amazon EC2 infrastructure conﬁgurations, and an evaluation of Cassandra and HBase elasticity by measuring scaling speed and performance impact while scaling.},
	language = {en},
	number = {12},
	urldate = {2024-04-12},
	journal = {Proceedings of the VLDB Endowment},
	author = {Kuhlenkamp, Jörn and Klems, Markus and Röss, Oliver},
	month = aug,
	year = {2014},
	pages = {1219--1230},
}

@article{kaufmann_benchmarking_nodate,
	title = {Benchmarking {Bitemporal} {Database} {Systems}: {Ready} for the {Future} or {Stuck} in the {Past}?},
	abstract = {After more than a decade of a virtual standstill, the adoption of temporal data management features has recently picked up speed, driven by customer demand and the inclusion of temporal expressions into SQL:2011. Most of the big commercial DBMS now include support for bitemporal data and operators. In this paper, we perform a thorough analysis of these commercial temporal DBMS: We investigate their architecture, determine their performance and study the impact of performance tuning. This analysis utilizes our recent (TPCTC 2013) benchmark proposal, which includes a comprehensive temporal workload deﬁnition. The results of our analysis show that the support for temporal data is still in its infancy: All systems store their data in regular, statically partitioned tables and rely on standard indexes as well as query rewrites for their operations. As shown by our measurements, this causes considerable performance variations on slight workload variations and signiﬁcant overhead even after extensive tuning.},
	language = {en},
	author = {Kaufmann, Martin and Fischer, Peter M and May, Norman and Kossmann, Donald},
}

@article{abubakar_performance_2014,
	title = {Performance {Evaluation} of {NoSQL} {Systems} using {YCSB} in a {Resource} {Austere} {Environment}},
	volume = {7},
	issn = {22490868},
	url = {http://research.ijais.org/volume7/number8/ijais14-451229.pdf},
	doi = {10.5120/ijais14-451229},
	abstract = {NoSQL is a database used to store high volume of data. NoSQL databases are horizontally scalable, distributed, open source and non-relational. High performance is a major concern for practically every data-driven system. NoSQL databases claim to deliver faster performance than the popular Relational database systems in various use cases, most notably those involving huge data. While this is always the case, it should be understood that not all NoSQL databases are created alike where performance is concerned. This being the case, IT professionals works hard to ensure that the database they select is optimized for the success of their application use cases. Such selection can be made in-house, based on tests with academic database benchmarks. We present the Yahoo! Cloud Serving Benchmark (YCSB) framework, with the goal of facilitating performance comparisons of the new generation of NoSQL databases in an environment where resources are limited. Unlike many previous benchmarks that considered a cluster or distributed system that NoSQL is known for, we limit out experiment to a single PC assuming a cluster with a single node or a distributed system with a single PC. We define a core set of benchmarks and report results for four widely used systems: MongoDB, ElasticSearch, Redis, and OrientDB implementation.},
	language = {en},
	number = {8},
	urldate = {2024-04-12},
	journal = {International Journal of Applied Information Systems},
	author = {Abubakar, Yusuf and Sani Adeyi, ThankGod and Gambo Auta, Ibrahim},
	month = sep,
	year = {2014},
	pages = {23--27},
}

@article{abramova_which_2014,
	title = {Which {NoSQL} {Database}? {A} {Performance} {Overview}},
	volume = {1},
	abstract = {NoSQL data stores are widely used to store and retrieve possibly large amounts of data, typically in a key-value format. There are many NoSQL types with different performances, and thus it is important to compare them in terms of performance and verify how the performance is related to the database type. In this paper, we evaluate five most popular NoSQL databases: Cassandra, HBase, MongoDB, OrientDB and Redis. We compare those databases in terms of query performance, based on reads and updates, taking into consideration the typical workloads, as represented by the Yahoo! Cloud Serving Benchmark. This comparison allows users to choose the most appropriate database according to the specific mechanisms and application needs.},
	language = {en},
	number = {2},
	author = {Abramova, Veronika and Bernardino, Jorge and Furtado, Pedro},
	year = {2014},
}

@misc{noauthor_benchant_nodate,
	title = {{benchANT} {Database} {Ranking} - {Performance} \& {Costs}},
	url = {https://benchant.com/ranking/database-ranking},
	urldate = {2024-04-12},
}

@misc{noauthor_packtic_nodate,
	title = {Packtic application vrac},
	shorttitle = {Packtic},
	url = {https://packtic.fr/},
	abstract = {Packtic est la 1ère plateforme et application vrac pour les professionnels et consommateurs de produits sans emballage.},
	language = {fr-FR},
	urldate = {2024-03-27},
	journal = {Packtic},
}

@misc{noauthor_packtic_nodate-1,
	title = {Packtic - {Sucre} de canne intégral},
	shorttitle = {Sucre de canne intégral},
	url = {https://packtic.io/vrac/C00087S00041},
	language = {fr},
	urldate = {2024-04-02},
	journal = {Packtic},
}

@misc{noauthor_packtic_nodate-2,
	title = {Packtic - {Noix} de cajou curry},
	shorttitle = {Noix de cajou curry},
	url = {https://packtic.io/vrac/C00088S00067},
	language = {fr},
	urldate = {2024-04-02},
	journal = {Packtic},
}

@misc{noauthor_packtic_nodate-3,
	title = {Packtic - {Muesli} aux fruits},
	shorttitle = {Muesli aux fruits},
	url = {https://packtic.io/vrac/C00050S00001},
	language = {fr},
	urldate = {2024-04-02},
	journal = {Packtic},
}

@misc{noauthor_open_nodate,
	title = {Open {Food} {Facts}},
	shorttitle = {Open {Food} {Facts}},
	url = {https://be-fr.openfoodfacts.org},
	language = {fr},
	urldate = {2024-03-26},
	journal = {Open Food Facts},
}

@misc{noauthor_abracadavrac_nodate,
	title = {Abracada'vrac},
	url = {https://www.abracada-vrac.com/},
	language = {fr},
	urldate = {2024-03-26},
	journal = {Abracada'vrac},
}

@misc{noauthor_application_nodate,
	title = {Application vrac - {Mon} étagère {Vrac} \& réemploi},
	url = {https://monetagere.app/},
	abstract = {L'APPLICATION COMPLICE DE VOS ACHATS VRAC L'emballage disparaît, l'information reste ! Grâce à l'application Mon étagère, retrouvez toute l'information sur vos produits achetés en vrac : ingrédients, allergènes, conditions d’utilisation, recettes, dates de consommation, n° de lot… Vos achats vrac récompensés Participez à nos Défis pour gagner des points et des badges de réussite. Vous},
	language = {fr-FR},
	urldate = {2024-03-26},
}

@misc{noauthor_24_1977,
	title = {24 {JANVIER} 1977. - {Loi} relative à la protection de la santé des consommateurs en ce qui concerne les denrées alimentaires et les autres produits.},
	url = {https://www.ejustice.just.fgov.be/cgi_loi/change_lg.pl?language=fr&la=F&cn=1977012431&table_name=loi},
	language = {fr},
	urldate = {2024-04-04},
	journal = {LOI - WET},
	month = jan,
	year = {1977},
}

@misc{noauthor_declaration_nodate,
	title = {Déclaration nutritionnelle — {Règles} de l'{UE} en matière d'étiquetage},
	url = {https://europa.eu/youreurope/business/product-requirements/food-labelling/nutrition-declaration/index_fr.htm},
	abstract = {Exigences de l'UE relatives à la déclaration nutritionnelle sur les denrées alimentaires préemballées. Comment calculer les valeurs énergétiques et présenter la déclaration nutritionnelle sur l'étiquette.},
	language = {fr},
	urldate = {2024-04-04},
	journal = {Your Europe},
}

@misc{noauthor_consommateurs_nodate,
	title = {Les consommateurs veulent des labels environnementaux fiables {\textbar} {Test} {Achats}},
	url = {https://www.test-achats.be/maison-energie/consommation-durable/presse/greenclaims},
	abstract = {Test Achats a réalisé un sondage pour connaître les opinions et expériences des belges sur les allégations et labels environnementaux. Il en ressort que les belges jugent ces outils utiles, mais qu’ils sont perdus face à leur profusion et ne font pas confiance aux autorités pour en vérifier la véracité. L’organisation de consommateurs plaide pour un système centralisé au niveau européen permettant de préapprouver les labels sur base de critères solides afin de renforcer la confiance des consommateurs et de garantir le succès de l’indispensable transition écologique.},
	language = {fr-BE},
	urldate = {2024-04-04},
	journal = {Testachats},
}

@misc{noauthor_liste_2023,
	title = {Liste des labels et protections officiels français},
	copyright = {Creative Commons Attribution-ShareAlike License},
	url = {https://fr.wikipedia.org/w/index.php?title=Liste_des_labels_et_protections_officiels_fran%C3%A7ais&oldid=209907414},
	abstract = {Les labels et protection officiels français  sont des labels accordés par une autorité publique qui reconnaît qu’une personne, un site, un territoire ou un produit remplit des critères énumérés et définis dans un acte législatif ou réglementaire.
Le terme label est souvent utilisé abusivement comme terme général pour désigner toutes sortes de mentions commerciales, appellations, pseudo-labels français non officiels.},
	language = {fr},
	urldate = {2024-04-04},
	journal = {Wikipédia},
	month = nov,
	year = {2023},
	note = {Page Version ID: 209907414},
}

@misc{noauthor_label_2023,
	title = {Label de qualité},
	copyright = {Creative Commons Attribution-ShareAlike License},
	url = {https://fr.wikipedia.org/w/index.php?title=Label_de_qualit%C3%A9&oldid=205184406},
	abstract = {Un label de qualité, ou plus généralement le label, est un moyen d'information du public signe de valorisation qui s'inscrit dans une démarche BtoC ou des professionnels (BtoB) sur les propriétés et les qualités objectives d'un ouvrage, d'un environnement, d'une information, d'un bâtiment, d'une procédure, etc.
Afin d'être repérable dans l'espace public, le label peut se matérialiser par la présence dans une liste largement publiée, ou localement par des signes distinctifs (nom, pictogramme…), une étiquette (label en anglais). Ces appellations et ces pictogrammes font maintenant l'objet par les ministères d'un dépôt comme marque commerciale afin d'interdire leur usurpation, notamment dans les pays étrangers.
Les labels et certifications sont attribués en principe par un organisme public national ou international, ou par délégation à des organismes accrédités, dans le cadre d'une procédure réglementaire impartiale et dans un but d'intérêt général. Mais il s'est développé une multitude de pseudo-labels, ou pseudo-certifications, le plus souvent auto-décernés par le fabricant ou le distributeur lui-même, sans le contrôle d'une tierce partie indépendante, dans le but de vendre.
Pour être efficace, un label dépend d'une part du choix des exigences fixées par son cahier des charges, d'autre part de l'indépendance et de la rigueur de l'autorité qui vérifie que les critères sont satisfaits.},
	language = {fr},
	urldate = {2024-04-04},
	journal = {Wikipédia},
	month = jun,
	year = {2023},
	note = {Page Version ID: 205184406},
}

@misc{web_labels_2023,
	title = {Les labels alimentaires : le guide pour s’y retrouver • {Mode} in {Belgium}},
	shorttitle = {Les labels alimentaires},
	url = {https://modeinbelgium.be/les-labels-alimentaires-guide/},
	abstract = {On vous a préparé un petit guide d’explications sur les labels alimentaires pour vous aider lors de vos achats.},
	language = {fr-FR},
	urldate = {2024-04-04},
	journal = {Mode in Belgium},
	author = {web, Rédacteur},
	month = apr,
	year = {2023},
}

@misc{union_europeenne_reglement_2018,
	title = {Règlement ({UE}) no 1169/2011 du {Parlement} européen et du {Conseil} du 25 octobre 2011 concernant l’information des consommateurs sur les denrées alimentaires, modifiant les règlements ({CE}) no 1924/2006 et ({CE}) no 1925/2006 du {Parlement} européen et du {Conseil} et abrogeant la directive 87/250/{CEE} de la {Commission}, la directive 90/496/{CEE} du {Conseil}, la directive 1999/10/{CE} de la {Commission}, la directive 2000/13/{CE} du {Parlement} européen et du {Conseil}, les directives 2002/67/{CE} et 2008/5/{CE} de la {Commission} et le règlement ({CE}) no 608/2004 de la {Commission} ({Texte} présentant de l'intérêt pour l'{EEE}){Texte} présentant de l'intérêt pour l'{EEE}},
	shorttitle = {Règlement {UE} 1169/2011},
	url = {http://data.europa.eu/eli/reg/2011/1169/2018-01-01/fra},
	language = {fr},
	urldate = {2024-02-28},
	author = {Union Européenne},
	month = jan,
	year = {2018},
}

@misc{legifrance_loi_2020,
	title = {{LOI} n° 2020-105 du 10 février 2020 relative à la lutte contre le gaspillage et à l'économie circulaire (1)},
	url = {https://www.legifrance.gouv.fr/jorf/id/JORFTEXT000041553759/},
	language = {fr},
	urldate = {2024-03-24},
	author = {Légifrance},
	year = {2020},
}

@misc{noauthor_fonctions_nodate,
	title = {Les fonctions de l’emballage},
	url = {https://www.logistiqueconseil.org/Articles/Entrepot-magasin/Emballage-fonction.htm},
	urldate = {2024-04-03},
}

@misc{noauthor_coca-cola_nodate,
	title = {Coca-{Cola} fixe de nouveaux et ambitieux objectifs en matière d’emballage durable pour l’{Europe} de l’{Ouest} {\textbar} {Coca}-{Cola} en {France}},
	url = {https://www.coca-cola.com/fr/fr/sustainability/recyclage/coca-cola-fixe-de-nouveaux-et-ambitieux-objectifs-en-matiere-demballage-durable-pour-leurope-de-louest},
	abstract = {Coca‑Cola en Europe de l’Ouest, en partenariat avec Coca‑Cola European Partners, présente les nouveaux objectifs de son plan d’action en faveur du développement durable.},
	language = {fr-FR},
	urldate = {2024-04-03},
}

@misc{noauthor_vente_2022,
	title = {Vente de produits en vrac : comment la mettre en place en toute sécurité ?},
	shorttitle = {Vente de produits en vrac},
	url = {https://www.anses.fr/fr/content/vente-de-produits-en-vrac-comment-la-mettre-en-place-en-toute-s%C3%A9curit%C3%A9},
	abstract = {Cet article est republié à partir de The Conversation sous licence Creative Commons. Lire l4oCZarticle original.Depuis plusieurs années, en réponse à une demande croissante des consommateurs, les produits vendus en vrac ont conquis les rayons des magasins. C4oCZest le cas, par exemple, de certains aliments (fruits secs, céréales) mais également des produits d4oCZhygiène},
	language = {fr},
	urldate = {2024-04-02},
	journal = {Anses - Agence nationale de sécurité sanitaire de l’alimentation, de l’environnement et du travail},
	month = feb,
	year = {2022},
}

@misc{noauthor_denrees_nodate,
	title = {Denrées alimentaires : la vente en vrac a besoin d’un peu d’ordre},
	shorttitle = {Denrées alimentaires},
	url = {https://www.economie.gouv.fr/dgccrf/denrees-alimentaires-la-vente-en-vrac-besoin-dun-peu-dordre},
	abstract = {Alors que la vente en vrac avait quasiment disparu au profit du format préemballé, celle-ci est de nouveau en plein essor. Cette tendance, qui s’inscrit dans une démarche « zéro déchet », n’a pas pris fin avec la pandémie de Covid-19 et la crainte de contamination manu-portée, même si elle a pu ralentir.},
	language = {fr},
	urldate = {2024-04-02},
}

@misc{avelook_vente_nodate,
	title = {Vente en vrac : prix, hygiène, étiquetage… {Le} vrai du faux},
	shorttitle = {Vente en vrac},
	url = {https://www.clcv.org/alimentation/vente-en-vrac-prix-hygiene-etiquetage-le-vrai-du-faux},
	urldate = {2024-04-02},
	author = {Avelook},
}

@misc{noauthor_smartvrac_2021,
	title = {{SmartVrac} - {La} première solution de vrac automatisé},
	url = {https://www.smartvrac.fr/},
	abstract = {La solution SmartVrac réinvente la vente en vrac, pour permettre un achat simple, hygiénique et fluide et une gestion optimisée.},
	language = {fr-FR},
	urldate = {2024-04-02},
	month = nov,
	year = {2021},
}

@misc{noauthor_analyse_nodate,
	title = {Analyse comparative des prix de produits vendus en vrac {VS} en préemballé},
	url = {https://librairie.ademe.fr/dechets-economie-circulaire/5068-analyse-comparative-des-prix-de-produits-vendus-en-vrac-vs-en-preemballe.html},
	abstract = {Synthèse},
	language = {fr-fr},
	urldate = {2024-04-02},
	journal = {La librairie ADEME},
}

@misc{noauthor_panorama_nodate,
	title = {Panorama et évaluation environnementale du vrac en {France}},
	url = {https://librairie.ademe.fr/consommer-autrement/5064-panorama-et-evaluation-environnementale-du-vrac-en-france.html},
	abstract = {Rapport et synthèse},
	language = {fr-fr},
	urldate = {2024-04-02},
	journal = {La librairie ADEME},
}

@misc{noauthor_analyse_nodate-1,
	title = {Analyse et recommandations liées aux risques sanitaires de la distribution en vrac en {France}},
	url = {https://librairie.ademe.fr/consommer-autrement/5065-analyse-et-recommandations-liees-aux-risques-sanitaires-de-la-distribution-en-vrac-en-france.html},
	abstract = {Santé et sécurité au travail, sécurité sanitaire pour les consommateurs et exigences réglementaires},
	language = {fr-fr},
	urldate = {2024-04-02},
	journal = {La librairie ADEME},
}

@misc{noauthor_eur-lex_nodate,
	title = {{EUR}-{Lex} - {02011R1169}-20180101 - {EN} - {EUR}-{Lex}},
	url = {https://eur-lex.europa.eu/eli/reg/2011/1169/2018-01-01/fra},
	language = {en},
	urldate = {2024-04-02},
	note = {Doc ID: 02011R1169-20180101
Doc Sector: 0
Doc Title: Règlement (UE) no 1169/2011 du Parlement européen et du Conseil du 25 octobre 2011 concernant l’information des consommateurs sur les denrées alimentaires, modifiant les règlements (CE) no 1924/2006 et (CE) no 1925/2006 du Parlement européen et du Conseil et abrogeant la directive 87/250/CEE de la Commission, la directive 90/496/CEE du Conseil, la directive 1999/10/CE de la Commission, la directive 2000/13/CE du Parlement européen et du Conseil, les directives 2002/67/CE et 2008/5/CE de la Commission et le règlement (CE) no 608/2004 de la Commission (Texte présentant de l'intérêt pour l'EEE)Texte présentant de l'intérêt pour l'EEE
Doc Type: R
Usr\_lan: en},
}

@misc{noauthor_cadre_nodate,
	title = {Le cadre du marché unique},
	url = {https://www.entreprises.gouv.fr/fr/echanges-commerciaux-et-reglementation/libre-circulation-des-produits/cadre-du-marche-unique},
	abstract = {La libre circulation des marchandises est l'un des fondements du marché unique européen et est prévue par les articles 34 à 36 du traité sur le fonctionnement de l'Union européenne.},
	language = {fr},
	urldate = {2024-04-02},
	journal = {entreprises.gouv.fr},
}

@misc{noauthor_types_nodate,
	title = {Types {Of} {Databases}},
	url = {https://www.mongodb.com/databases/types},
	abstract = {There are so many types of databse; which are most beneficial to store and handle various types of data?},
	language = {en-us},
	urldate = {2024-03-28},
	journal = {MongoDB},
}

@misc{noauthor_database_2023,
	title = {Database {Management} {Systems} ({DBMS}) {Comparison}: {MySQL}, {Postgr}},
	shorttitle = {Database {Management} {Systems} ({DBMS}) {Comparison}},
	url = {https://www.altexsoft.com/blog/comparing-database-management-systems-mysql-postgresql-mssql-server-mongodb-elasticsearch-and-others/},
	abstract = {So you are building a software application. One of the first questions you face is how to store your data. Which database will you choose?},
	language = {en},
	urldate = {2024-03-28},
	journal = {AltexSoft},
	month = nov,
	year = {2023},
}

@misc{noauthor_regles_2016,
	title = {Règles d'étiquetage},
	url = {https://www.health.belgium.be/fr/alimentation/informations-aux-consommateurs/etiquetage/regles-detiquetage},
	abstract = {Les règles d'étiquetage Le règlement européen 1169/2011 concernant l’information des consommateurs sur les denrées alimentaires est d’application depuis le 13 décembre 2014 pour des étiquettes plus complètes, plus claires et plus lisibles.},
	language = {fr},
	urldate = {2024-03-26},
	journal = {SPF Santé publique},
	month = jan,
	year = {2016},
}

@incollection{garnier_definition_2008,
	address = {Paris},
	title = {Définition "vrac"},
	isbn = {978-2-03-584070-7},
	abstract = {VRAC n.m. (néerl. wrac, mauvais). Marchandise qui ne demande pas d'arimage et qui n'est pas emballée.},
	language = {fr},
	booktitle = {Le petit {Larousse} illustré 2009: en couleurs; 87000 articles, 5000 illustrations, 321 cartes; chronologie universelle},
	publisher = {Larousse},
	editor = {Garnier, Yves},
	year = {2008},
	pages = {1079},
}

@incollection{garnier_definition_2008-1,
	address = {Paris},
	title = {Définition "vente"},
	isbn = {978-2-03-584070-7},
	abstract = {VENTE n.f. (du lat. venditus, vendu). 1. Action de vendre qqch à un prix convenu.},
	language = {fr},
	booktitle = {Le petit {Larousse} illustré 2009: en couleurs; 87000 articles, 5000 illustrations, 321 cartes; chronologie universelle},
	publisher = {Larousse},
	editor = {Garnier, Yves},
	year = {2008},
	pages = {1060},
}

@misc{ipcc_ar6_nodate,
	title = {{AR6} {Synthesis} {Report}: {Climate} {Change} 2023 — {IPCC}},
	shorttitle = {{AR6} {Synthesis} {Report}},
	url = {https://www.ipcc.ch/report/sixth-assessment-report-cycle/},
	language = {en},
	urldate = {2024-03-20},
	author = {IPCC},
}

@misc{legifrance_article_2021,
	title = {Article {L120}-1 - {Code} de la consommation - {Légifrance}},
	url = {https://www.legifrance.gouv.fr/codes/article_lc/LEGIARTI000043974916},
	language = {fr},
	urldate = {2024-03-22},
	author = {Légifrance},
	month = aug,
	year = {2021},
}

@misc{samedi_a_tout_prix_courses_2019,
	title = {Courses en vrac : est-ce écologique, économique et hygiénique ? - {La} {Quotidienne}},
	shorttitle = {Courses en vrac},
	url = {https://www.youtube.com/watch?v=c35c2M2L76c},
	abstract = {Consommation solidaire et bons conseils sont au rendez-vous de la quotidienne des animateurs et experts-chroniqueurs. Leur objectif : apporter des réponses concrètes aux nombreuses questions des téléspectateurs.},
	language = {fr},
	urldate = {2024-03-24},
	author = {{Samedi à tout prix}},
	month = nov,
	year = {2019},
}

@misc{grante_emballage_2020,
	title = {Emballage biodégradable : le guide complet},
	shorttitle = {Emballage biodégradable},
	url = {https://packhelp.fr/emballage-biodegradable-guide/},
	abstract = {Apprenez maintenant ce qu'est vraiment un emballage biodégradable et découvrez pourquoi et comment vous y mettre.},
	language = {fr},
	urldate = {2024-02-28},
	journal = {Packhelp},
	author = {Grante, Pierre},
	month = mar,
	year = {2020},
}

@misc{codipack_que_2022,
	title = {Que doit-on trouver sur une étiquette alimentaire ?},
	url = {https://www.codipack.com/fr/blog/que-doit-on-trouver-sur-une-etiquette-alimentaire/},
	abstract = {Il est important que chaque produit alimentaire ait une étiquette claire et des informations correctes, mais qu'est-ce qui doit figurer sur une telle étiquette ?},
	language = {fr},
	urldate = {2024-02-28},
	journal = {Codipack},
	author = {{Codipack}},
	month = jun,
	year = {2022},
}

@misc{grante_tout_2023,
	title = {Tout sur la réglementation des emballages pour expédier},
	url = {https://packhelp.fr/reglementation-emballage-expedition-e-commerce/},
	abstract = {On vous dévoile tout ce que vous devez savoir sur la réglementation des emballages pour expédier en France et à l’étranger.},
	language = {fr},
	urldate = {2024-02-28},
	journal = {Packhelp},
	author = {Grante, Pierre},
	month = aug,
	year = {2023},
}

@book{garnier_petit_2008,
	address = {Paris},
	title = {Le petit {Larousse} illustré 2009: en couleurs; 87000 articles, 5000 illustrations, 321 cartes; chronologie universelle},
	isbn = {978-2-03-584070-7},
	shorttitle = {Le petit {Larousse} illustré 2009},
	language = {fr},
	publisher = {Larousse},
	author = {Larousse, Editions},
	editor = {Garnier, Yves},
	year = {2008},
}

@misc{kaupp_vrac_2023,
	title = {Vrac},
	copyright = {Creative Commons Attribution-ShareAlike License},
	url = {https://fr.wikipedia.org/w/index.php?title=Vrac&oldid=208313510},
	abstract = {Le vrac (du néerlandais wrak : mal salé, mauvais) désigne des marchandises qui ne sont pas emballées ou arrimées.},
	language = {fr},
	urldate = {2024-03-24},
	journal = {Wikipédia},
	publisher = {Wikipédia},
	author = {Kaupp, Rémi},
	month = sep,
	year = {2023},
	note = {Page Version ID: 208313510},
}

@misc{abegg_faq_2022,
	type = {Blog},
	title = {[{FAQ}] {Vente} en vrac : que sait-on sur cette tendance de la consommation responsable ?},
	url = {https://www.citeo.com/le-mag/faq-vente-en-vrac-que-sait-sur-cette-tendance-de-la-consommation-responsable},
	abstract = {Urgence environnementale, crise sanitaire, les Français sont de plus en plus nombreux à vouloir limiter l’impact de leur consommation sur la planète. Parmi les solutions qui s’offrent à eux, la vente de produits en vrac. Si les expérimentations se multiplient dans la grande distribution notamment, l’offre est encore mineure et soulève des questions de fond : le vrac ouvre-t-il la perspective d’un monde sans emballages ? Quels sont ses atouts et ses faiblesses au plan environnemental ? Quels sont les éléments qui séduisent ou qui découragent les consommateurs ? Quelle place pour les marques dans les espaces de vente en vrac ? Quelques éléments de réponse.},
	language = {fr},
	urldate = {2024-02-23},
	journal = {[FAQ] Vente en vrac : que sait-on sur cette tendance de la consommation responsable ?  {\textbar} CITEO},
	author = {Abegg, Adeline},
	month = nov,
	year = {2022},
}

@misc{noauthor_etiquetage_2024,
	title = {Étiquetage des denrées alimentaires: règles générales de l'{UE}},
	shorttitle = {Étiquetage des denrées alimentaires},
	url = {https://europa.eu/youreurope/business/product-requirements/food-labelling/general-rules/index_fr.htm},
	abstract = {Règles générales de l'UE concernant les informations à faire figurer sur les denrées alimentaires préemballées, notamment la liste des ingrédients et les allergènes.},
	language = {fr},
	urldate = {2024-02-28},
	journal = {Your Europe},
	month = mar,
	year = {2024},
}

@misc{giec_publication_2023,
	title = {Publication du 6e rapport de synthèse du {GIEC}},
	url = {https://www.ecologie.gouv.fr/publication-du-6e-rapport-synthese-du-giec},
	abstract = {La synthèse du sixième rapport d’évaluation du Groupe intergouvernemental d’experts sur l’évolution du climat (GIEC) est publiée ce lundi 20 mars 2023. Ce document a été adopté à l’issue d’une session d’approbation qui s’est tenue du 13 au 17 mars en Suisse avec les représentants des 195 pays membres du GIEC.},
	language = {fr},
	urldate = {2024-03-20},
	journal = {Ministère de la Transition Écologique et de la Cohésion des Territoires},
	author = {GIEC},
	month = mar,
	year = {2023},
}

@misc{service_public_federal_economie_loi_2010,
	type = {loi},
	title = {Loi du 06/04/2010 relative aux pratiques du marche et a la protection du consommateur},
	url = {https://etaamb.openjustice.be/fr/loi-du-06-avril-2010_n2010011166.html},
	abstract = {6 AVRIL 2010. - Loi relative aux pratiques du marché et à la protection du consommateur (1) ALBERT II, Roi des Belges, A tous, présents et à venir, Salut. Les Chambres ont adopté et Nous sanctionnons ce qui suit : Article 1er. La présente loi règle une matière visée à l'article 78 de la Constitution. CHAPITRE 1er. - Définitions et principes généraux Art. 2. Pour l'application de la présente loi, on entend par : 1° entreprise : toute personne physique ou personne morale poursuivant de manière durable un but économique, y compris(...)},
	language = {fr},
	urldate = {2024-03-22},
	journal = {etaamb.openjustice.be},
	author = {Service Public Fédéral Economie},
	month = apr,
	year = {2010},
	note = {Publisher: Moniteur Belge},
}

@misc{ademe_pertes_nodate,
	title = {Pertes et gaspillages alimentaires : l'état des lieux et leur gestion par étapes de la chaîne alimentaire},
	url = {https://multimedia.ademe.fr/dossier-presse-etude-masses-pertes-gaspillages/donneesparacteurs.html},
	language = {en},
	urldate = {2024-03-24},
	journal = {donnees-par-acteurs},
	author = {ADEME},
}

@misc{larousse_definitions_nodate,
	title = {Définitions : vrac - {Dictionnaire} de français {Larousse}},
	shorttitle = {Définitions},
	url = {https://www.larousse.fr/dictionnaires/francais/vrac/82604},
	abstract = {vrac - Définitions Français : Retrouvez la définition de vrac, ainsi que les expressions, difficultés... - synonymes, homonymes, difficultés, citations.},
	language = {fr},
	urldate = {2024-03-24},
	author = {Larousse, Editions},
}

@misc{larousse_definitions_nodate-1,
	title = {Définitions : vente - {Dictionnaire} de français {Larousse}},
	shorttitle = {Définitions},
	url = {https://www.larousse.fr/dictionnaires/francais/vente/81418},
	abstract = {vente - Définitions Français : Retrouvez la définition de vente, ainsi que les synonymes, homonymes, expressions... - synonymes, homonymes, difficultés, citations.},
	language = {fr},
	urldate = {2024-03-24},
	author = {Larousse, Editions},
}

@misc{legifrance_loi_nodate,
	title = {La loi anti-gaspillage pour une économie circulaire},
	url = {https://www.ecologie.gouv.fr/loi-anti-gaspillage-economie-circulaire},
	abstract = {La loi anti-gaspillage pour une économie circulaire entend accélérer le changement de modèle de production et de consommation afin de limiter les déchets et préserver les ressources naturelles, la biodiversité et le climat.},
	language = {fr},
	urldate = {2024-03-22},
	journal = {Ministère de la Transition Écologique et de la Cohésion des Territoires},
	author = {Légifrance},
}

@misc{union_europeenne_directive_2018,
	title = {Directive 94/62/{CE} du {Parlement} européen et du {Conseil} du 20 décembre 1994 relative aux emballages et aux déchets d'emballages},
	url = {http://data.europa.eu/eli/dir/1994/62/2018-07-04/fra},
	language = {fr},
	urldate = {2024-02-28},
	author = {Union Européenne},
	month = jul,
	year = {2018},
	note = {Legislative Body: OP\_DATPRO},
}

@techreport{lee_ipcc_2023,
	title = {{IPCC}, 2023: {Climate} {Change} 2023: {Synthesis} {Report}. {Contribution} of {Working} {Groups} {I}, {II} and {III} to the {Sixth} {Assessment} {Report} of the {Intergovernmental} {Panel} on {Climate} {Change} [{Core} {Writing} {Team}, {H}. {Lee} and {J}. {Romero} (eds.)]. {IPCC}, {Geneva}, {Switzerland}.},
	shorttitle = {{IPCC}, 2023},
	url = {https://www.ipcc.ch/report/ar6/syr/},
	abstract = {The Synthesis Report (SYR) is a stand-alone synthesis of the most policy-relevant evidence from the scientific, technical, and socio-economic literature assessed in the Sixth Assessment Report (AR6) of the Intergovernmental Panel on Climate Change (IPCC). The SYR distils and integrates the main findings of the three reports of the Working Groups of the IPCC during the AR6, and the three AR6 Special Reports into a concise document. It consists of a Summary for Policymakers and a longer report.},
	language = {en},
	urldate = {2024-03-20},
	institution = {Intergovernmental Panel on Climate Change (IPCC)},
	author = {Calvin, Katherine and Dasgupta, Dipak and Krinner, Gerhard and Mukherji, Aditi and Thorne, Peter W. and Trisos, Christopher and Romero, José and Aldunce, Paulina and Barrett, Ko and Blanco, Gabriel and Cheung, William W.L. and Connors, Sarah and Denton, Fatima and Diongue-Niang, Aïda and Dodman, David and Garschagen, Matthias and Geden, Oliver and Hayward, Bronwyn and Jones, Christopher and Jotzo, Frank and Krug, Thelma and Lasco, Rodel and Lee, Yune-Yi and Masson-Delmotte, Valérie and Meinshausen, Malte and Mintenbeck, Katja and Mokssit, Abdalah and Otto, Friederike E.L. and Pathak, Minal and Pirani, Anna and Poloczanska, Elvira and Pörtner, Hans-Otto and Revi, Aromar and Roberts, Debra C. and Roy, Joyashree and Ruane, Alex C. and Skea, Jim and Shukla, Priyadarshi R. and Slade, Raphael and Slangen, Aimée and Sokona, Youba and Sörensson, Anna A. and Tignor, Melinda and Van Vuuren, Detlef and Wei, Yi-Ming and Winkler, Harald and Zhai, Panmao and Zommers, Zinta and Hourcade, Jean-Charles and Johnson, Francis X. and Pachauri, Shonali and Simpson, Nicholas P. and Singh, Chandni and Thomas, Adelle and Totin, Edmond and Arias, Paola and Bustamante, Mercedes and Elgizouli, Ismail and Flato, Gregory and Howden, Mark and Méndez-Vallejo, Carlos and Pereira, Joy Jacqueline and Pichs-Madruga, Ramón and Rose, Steven K. and Saheb, Yamina and Sánchez Rodríguez, Roberto and Ürge-Vorsatz, Diana and Xiao, Cunde and Yassaa, Noureddine and Alegría, Andrés and Armour, Kyle and Bednar-Friedl, Birgit and Blok, Kornelis and Cissé, Guéladio and Dentener, Frank and Eriksen, Siri and Fischer, Erich and Garner, Gregory and Guivarch, Céline and Haasnoot, Marjolijn and Hansen, Gerrit and Hauser, Mathias and Hawkins, Ed and Hermans, Tim and Kopp, Robert and Leprince-Ringuet, Noëmie and Lewis, Jared and Ley, Debora and Ludden, Chloé and Niamir, Leila and Nicholls, Zebedee and Some, Shreya and Szopa, Sophie and Trewin, Blair and Van Der Wijst, Kaj-Ivar and Winter, Gundula and Witting, Maximilian and Birt, Arlene and Ha, Meeyoung and Romero, José and Kim, Jinmi and Haites, Erik F. and Jung, Yonghun and Stavins, Robert and Birt, Arlene and Ha, Meeyoung and Orendain, Dan Jezreel A. and Ignon, Lance and Park, Semin and Park, Youngin and Reisinger, Andy and Cammaramo, Diego and Fischlin, Andreas and Fuglestvedt, Jan S. and Hansen, Gerrit and Ludden, Chloé and Masson-Delmotte, Valérie and Matthews, J.B. Robin and Mintenbeck, Katja and Pirani, Anna and Poloczanska, Elvira and Leprince-Ringuet, Noëmie and Péan, Clotilde},
	collaborator = {Lee, Hoesung},
	month = jul,
	year = {2023},
	doi = {10.59327/IPCC/AR6-9789291691647},
	note = {Edition: First},
}

@misc{noauthor_que_2016,
	title = {Que doit-on et que peut-on retrouver dans l'étiquetage ?},
	url = {https://www.health.belgium.be/fr/alimentation/informations-aux-consommateurs/etiquetage/que-doit-et-que-peut-retrouver-dans},
	abstract = {L' étiquetage et ses mentions obligatoires Vous trouverez ci-dessous un aperçu non exhaustif des mentions principales devant être reprises dans l’étiquetage des denrées alimentaires préemballées. Les informations ci-dessous ne remplacent pas le texte réglementaire. Pour une application correcte de la réglementation, veuillez toujours vous référer au règlement lui-même.},
	language = {fr},
	urldate = {2024-02-28},
	journal = {SPF Santé publique},
	month = jan,
	year = {2016},
}

@misc{noauthor_fourche_nodate,
	title = {La {Fourche} {\textbar} {Magasin} bio en ligne jusqu’à 50\% moins cher},
	url = {https://lafourche.fr/},
	urldate = {2024-02-23},
}
